@misc{el-Husa,
    author      = {Jakub Husa},
    title       = {\emph{Slidy ze cvičení ISU}},
    howpublished = {online},
    year        = {rev. 8.11.2024},
    note        = {[cit. 8.11.2024]. Odkaz:
    \url{https://www.fit.vut.cz/person/ihusa/teaching/.cs#nav}},
}

@misc{el-hash,
    author      = {cse.yorku.ca},
    title       = {\emph{Hash Functions}},
    howpublished = {online},
    year        = {rev. 22.9.2003},
    note        = {[cit. 15.10.2024]. Odkaz: 
    \url{http://www.cse.yorku.ca/~oz/hash.html}},
}

@misc{el-str,
  author = {steveb},
  howpublished = {online},
  title = {C Language Dynamic String},
  year = {rev. 20.12.2019},
  note = {[cit. 20.11.2024]. Odkaz:
  \url{https://www.codeproject.com/Articles/1259074/C-Language-Dynamic-String}},
}
